<record><leader>00000cas a22000007a 4500</leader><controlfield tag="001">12460389</controlfield><controlfield tag="008">850831d183918uupauwr ne      0    0eng d</controlfield><datafield ind1=" " ind2=" " tag="010"><subfield code="a">sn 85038465 </subfield></datafield><datafield ind1=" " ind2=" " tag="040"><subfield code="a">NPY</subfield><subfield code="b">eng</subfield><subfield code="c">NPY</subfield><subfield code="d">UNP</subfield><subfield code="d">DLC</subfield><subfield code="d">NPH</subfield><subfield code="d">NPX</subfield><subfield code="d">NPH</subfield><subfield code="d">NVF</subfield><subfield code="d">MGN</subfield><subfield code="d">NVK</subfield><subfield code="d">FUG</subfield><subfield code="d">OCL</subfield><subfield code="d">OCLCQ</subfield><subfield code="d">OCLCF</subfield><subfield code="d">OCLCO</subfield></datafield><datafield ind1=" " ind2=" " tag="042"><subfield code="a">msc</subfield></datafield><datafield ind1=" " ind2=" " tag="043"><subfield code="a">n-us-pa</subfield></datafield><datafield ind1="0" ind2="4" tag="245"><subfield code="a">The Weekly North American.</subfield></datafield><datafield ind1=" " ind2=" " tag="260"><subfield code="a">Philadelphia [Pa.] :</subfield><subfield code="b">S.C. Brace &amp; T.R. Newbold</subfield></datafield><datafield ind1=" " ind2=" " tag="300"><subfield code="a">v. ;</subfield><subfield code="c">67 cm.</subfield></datafield><datafield ind1=" " ind2=" " tag="310"><subfield code="a">Weekly</subfield></datafield><datafield ind1="1" ind2=" " tag="362"><subfield code="a">Began in 1839?</subfield></datafield><datafield ind1=" " ind2=" " tag="500"><subfield code="a">Publisher varies: Morton M'Michael &lt;1862&gt;-</subfield></datafield><datafield ind1=" " ind2=" " tag="580"><subfield code="a">Daily eds.: North American (Philadelphia, Pa. : 1839), 1839; North American and daily advertiser, 1840-1845; North American (Philadelphia, Pa. : 1845), 1845-1847; North American and United States gazette (Philadelphia, Pa. : Daily), 1847-&lt;1869&gt;.</subfield></datafield><datafield ind1=" " ind2=" " tag="588"><subfield code="a">Description based on: Vol. 1, no. 35 (Jan. 25, 1840).</subfield></datafield><datafield ind1=" " ind2="0" tag="651"><subfield code="a">Philadelphia (Pa.)</subfield><subfield code="v">Newspapers.</subfield></datafield><datafield ind1=" " ind2="0" tag="651"><subfield code="a">Philadelphia County (Pa.)</subfield><subfield code="v">Newspapers.</subfield></datafield><datafield ind1=" " ind2="7" tag="655"><subfield code="a">Newspapers.</subfield><subfield code="2">fast</subfield><subfield code="0">(OCoLC)fst01423814</subfield></datafield><datafield ind1=" " ind2="7" tag="651"><subfield code="a">Pennsylvania</subfield><subfield code="z">Philadelphia.</subfield><subfield code="2">fast</subfield><subfield code="0">(OCoLC)fst01204170</subfield></datafield><datafield ind1=" " ind2="7" tag="651"><subfield code="a">Pennsylvania</subfield><subfield code="z">Philadelphia County.</subfield><subfield code="2">fast</subfield><subfield code="0">(OCoLC)fst01217128</subfield></datafield><datafield ind1=" " ind2=" " tag="752"><subfield code="a">United States</subfield><subfield code="b">Pennsylvania</subfield><subfield code="c">Philadelphia</subfield><subfield code="d">Philadelphia.</subfield></datafield><datafield ind1="1" ind2=" " tag="775"><subfield code="t">North American (Philadelphia, Pa. : 1839)</subfield><subfield code="w">(DLC)sn 84031905</subfield><subfield code="w">(OCoLC)11425417</subfield></datafield><datafield ind1="1" ind2=" " tag="775"><subfield code="t">North American and daily advertiser</subfield><subfield code="w">(DLC)sn 85054913</subfield><subfield code="w">(OCoLC)2265175</subfield></datafield><datafield ind1="1" ind2=" " tag="775"><subfield code="t">North American (Philadelphia, Pa. : 1845)</subfield><subfield code="w">(DLC)sn 85055247</subfield><subfield code="w">(OCoLC)12220295</subfield></datafield><datafield ind1="1" ind2=" " tag="775"><subfield code="t">North American and United States gazette (Philadelphia, Pa. : Daily)</subfield><subfield code="w">(DLC)sn 83025947</subfield><subfield code="w">(OCoLC)2265176</subfield></datafield></record>